@Article{scherer:litoral,
  author = {Scherer, M. and Ferreira, C. and Mudat, J. and Cataneo, S.},
  year = {2006},
  title = {Urbanização e Gestão do Litoral Centro-Sul do Estado de Santa Catarina},
  journal = {Desenvolvimento e Meio Ambiente},
  volume = {13},
  pages = {31-50}
}

@Article{ranger:rf,
  author = {Marvin N. Wright and Andreas Ziegler},
  year = {2017},
  title = {ranger: A Fast Implementation of Random Forests for High Dimensional Data in C++ and R},
  journal = {Journal of Statistical Software},
  volume = {77},
  pages = {1-17}
}

@Article{breiman:rf,
  author = {Leo Breiman},
  year = {2001},
  title = {Random Forests},
  journal = {Machine Learning},
  volume = {45},
  pages = {5-32}
}

@Book{lantz:mlinR,
  author = {Brett Lantz},
  year = {2013},
  title = {Machine Learning with R},
  publisher = {Packt Publishing},
  edition = {1st}
}

@Book{aggarwal:dcaa,
  author = {Charu C. Aggarwal},
  year = {2014},
  title = {Data ClassifiCation Algorithms and Applications},
  publisher = {Chapman and Hall/CRC},
  edition = {1st}
}

@Book{bonaccorso:mla,
  author = {Giuseppe Bonaccorso},
  year = {2018},
  title = {Machine Learning Algorithms},
  publisher = {Packt Publishing},
  edition = {2st}
}

@misc{petrobras:pmp,
  author = {PETROBRAS},
  title = {Projeto Executivo do Monitoramento de Praias da Bacia de Santos (PMP-BS) – Fase 1.},
  year = {2014}
}

@misc{petrobras:anual1,
  author = {PETROBRAS},
  year = {2016},
  title = {Conheça o Projeto de Monitoramento de Praias da Bacia de Santos (PMP-BS)},
  howpublished = {Acessado em: 19/02/2020. Disponível em: https://www.comunicabaciadesantos.com.br/sites/default/files/PMP\_Relatorio\_Anual\_\\2015\_2016\_v01.pdf}
}

@misc{mma:zcmu,
  author = {MMA},
  year = {2020},
  title = {Ministério do Meio Ambiente},
  howpublished = {Acessado em: 22/02/2020. Disponível em: https://www.mma.gov.br/gestao-territorial/gerenciamento-costeiro/zona-costeira-e-seus-múltiplos-usos.html}
}

@misc{mma:pngc,
  author = {MMA},
  year = {2020},
  title = {Ministério do Meio Ambiente - Plano Nacional de Gerenciamento Costeior},
  howpublished = {Acessado em: 22/02/2020. Disponível em: https://www.mma.gov.br/estruturas/sqa\_sigercom/\_arquivos/pngc2\_78.pdf}
}

@misc{univali:pmp,
  author = {UNIVALI},
  year = {2020},
  title = {Conheça o Projeto de Monitoramento de Praias da Bacia de Santos (PMP-BS)},
  howpublished = {Acessado em: 20/02/2020. Disponível em: http://pmp.acad.univali.br/?sobrepmp=sobre-o-projeto-de-monitoramento-de-praias-da-bacia-de-santos}
}

@misc{caret:r,
  author = {Caret},
  year = {2020},
  title = {The caret Package},
  howpublished = {Acessado em: 10/01/2020. Disponível em: http://topepo.github.io/caret/index.html}
}

@misc{cran:r,
  author = {CRAN},
  year = {2020},
  title = {The Comprehensive R Archive Netweork},
  howpublished = {Acessado em: 01/02/2020. Disponível em: https://cran.r-project.org}
}
